@article{harten1994,
  title   = "Adaptive Multiresolution Schemes for Schock Computations",
  journal = "Journal of Computational Physics",
  volume  = "115",
  number  = "",
  pages   = "319--338",
  year    = "1994",
  doi     = "",
  author  = "A. Harten"
}

@article{berger1984,
  title   = "Adaptive Multiresolution Schemes for Schock Computations",
  journal = "Journal of Computational Physics",
  volume  = "115",
  number  = "",
  pages   = "319--338",
  year    = "1994",
  doi     = "",
  author  = "A. Harten"
}
