@article{harten1994,
	author = {Harten, A.},
	title = {Adaptive Multiresolution Schemes for Shock Computations},
	journal = {Journal of Computational Physics},
	year = {1994},
	volume = {115},
	pages = {319-338},
	number = {2},
}

@article{woodward1984,
	author = {Woodward, P. and Colella, P.},
	title = {The Numerical Simulation of Two-Dimensional Fluid Flow with Strong Shocks},
	journal = {Journal of Computational Physics},
	year = {1984},
	volume = {54},
	pages = {115-173},
}

@article{bihari1999,
	author = {Bihari, B.L., and Schwendeman, D.},
	title = {Multiresolution Schemes for the Reactive Euler Equations},
	journal = {Journal of Computational Physics},
	year = {1999},
	volume = {154},
	pages = {197-230},
}

@article{shu2009,
    author = {Shu, Chi-Wang},
    title = {High Order Weighted Essentially Nonoscillatory Schemes for Convection Dominated Problems},
    journal = {SIAM Review},
    year = {2009},
    volume = {51},
    pages = {82-126}
}
