@article{berger1984,
  title={Adaptive mesh refinement for hyperbolic partial differential equations},
  author={Berger, M. and Oliger, J.},
  journal={Journal of Computational Physics, 53(3), pp.484-512},
  year={1984}
}

@article{colella1984,
  title={The Piecewise Parabolic Method (PPM) for gas-dynamical simulations},
  author={Colella, P. and Woodward, P.},
  journal={Journal of Computational Physics, 54(1), pp.174-201,
  year={1984}
}
